
@book{gilchrist2000StatisticalModellingQuantile,
  ids = {gilchrist2000StatisticalModellingQuantilea},
  title = {Statistical Modelling with Quantile Functions},
  author = {Gilchrist, Warren},
  year = {2000},
  publisher = {Chapman \& Hall/CRC},
  address = {Boca Raton},
  isbn = {978-1-58488-174-2},
  lccn = {QA276.7 .G55 2000},
  keywords = {Distribution (Probability theory),Sampling (Statistics)},
  file = {/home/dm0737pe/MEGA/ZoteroLibrary/gilchrist_2000_statistical_modelling_with_quantile_functions.pdf}
}



@book{gilchrist2000,
	title = {Statistical modelling with quantile functions},
	author = {Gilchrist, Warren},
	year = {2000},
	date = {2000},
	publisher = {Chapman & Hall/CRC},
	note = {tex.ids= gilchrist2000StatisticalModellingQuantilea},
	address = {Boca Raton}
}

@techreport{cinelli2020,
	title = {A Crash Course in Good and Bad Controls},
	author = {Cinelli, Carlos and Forney, Andrew and Pearl, Judea},
	year = {2020},
	month = {09},
	date = {2020-09-09},
	doi = {10.2139/ssrn.3689437},
	url = {https://papers.ssrn.com/abstract=3689437},
	note = {DOI: 10.2139/ssrn.3689437},
	address = {Rochester, NY},
	langid = {en}
}

@book{mcelreath2020,
	title = {Statistical Rethinking: A Bayesian Course with Examples in R and Stan},
	author = {McElreath, Richard},
	year = {2020},
	month = {03},
	date = {2020-03-13},
	publisher = {Chapman and Hall/CRC},
	edition = {2},
	doi = {10.1201/9780429029608},
	url = {https://www.taylorfrancis.com/books/9780429642319},
	note = {DOI: 10.1201/9780429029608},
	address = {New York, NY},
	langid = {en}
}
